3138 4922
363 887 419 986 o.
462 885 793 974 Hosion
835 889 1110 982 oosool

626 1135 851 1266 VITA,

726 1393 747 1440 s

559 1571 913 1654 SUETONIO.

659 1843 692 1850 ..-
785 1843 813 1850 --

122 2065 371 2154 QUINTUS
400 2064 687 2140 HORATIUS
716 2065 974 2155 FLACCUS,
1006 2067 1207 2155 Venusinus,
1231 2077 1350 2162 patre,

116 2203 152 2264 ut
178 2193 252 2288 ipse
278 2193 416 2288 quidem
442 2193 566 2280 tradit,
594 2193 769 2280 libertino,
797 2205 832 2266 et
856 2193 1075 2266 exactionum
1100 2203 1283 2266 coactore:
1309 2203 1348 2264 ut

116 2317 194 2388 vero
215 2317 388 2390 creditum
417 2329 480 2405 est,
504 2318 794 2392 salsamentorio:
818 2343 921 2414 quum
943 2317 998 2390 illi
1019 2317 1159 2414 quidem
1182 2317 1218 2390 io
1240 2316 1348 2390 ouer·

115 2441 251 2514 catione
267 2441 523 2537 exprobrasset,
536 2441 691 2526 Quoties
705 2465 774 2538 ego
792 2441 865 2516 vidi
883 2449 1024 2539 patrem
1042 2451 1148 2516 tuum
1166 2441 1290 2514 cubito
1309 2465 1347 2514 se

115 2571 399 2664 emungentem!
453 2567 559 2642 Bello
577 2567 797 2664 Philippum·
823 2567 956 2640 eccitm
979 2563 1078 2640 oM.
1095 2565 1213 2638 Bruto
1232 2567 1349 2662 Impe-

114 2702 246 2778 ratore,
283 2691 457 2764 Tribunus
488 2693 636 2766 militum
666 2693 815 2766 meruit:
844 2693 1009 2788 uictisque
1038 2690 1215 2788 partious,
1245 2689 1347 2764 oeoid

113 2815 316 2912 impetrato,
332 2816 498 2912 scriptum
514 2817 748 2904 Qecaestorium
766 2815 1004 2914 comparavit:
1028 2841 1069 2888 oc
1081 2816 1200 2912 primo
1213 2815 1346 2890 Μωσε-

112 2940 198 3028 moi,
225 2964 309 3013 mox
324 2940 491 3039 Augouto
516 2943 553 3015 io
577 2941 738 3040 gratiam
762 2942 969 3028 insinuatus,
994 2965 1063 3014 oon
1086 2941 1290 3014 mediocrem
1307 2942 1343 3014 io

112 3066 289 3139 ambonem
320 3065 477 3140 amicitie
506 3069 616 3140 locum
647 3069 766 3140 tenuit.
820 3065 1000 3140 Moecenao
1028 3063 1242 3163 quantopere?
1268 3089 1344 3138 eom

112 3191 286 3282 dilexerit,
305 3193 392 3265 sotis
410 3193 666 3266 demonstrator
683 3193 744 3265 illo
762 3192 1047 3290 Epigrammote,

432 3367 472 3426 Ni
486 3379 514 3428 te
528 3368 688 3428 visceribus
701 3367 782 3438 meio,
797 3367 912 3438 Horati,

435 3473 506 3533 Plus
515 3473 578 3552 jam
593 3473 691 3553 dssigo,
706 3487 738 3532 tu
753 3485 835 3532 tuum
849 3471 977 3532 sodalem

434 3577 534 3640 Hinno
546 3601 594 3640 me
608 3579 706 3640 videas
719 3579 926 3658 strigosiorem.

112 3733 179 3805 Sed
193 3734 306 3807 multo
323 3735 438 3834 mugio
454 3737 631 3824 extremis,
654 3737 721 3809 toli
745 3735 795 3808 od
809 3735 1011 3832 Augustum
1028 3732 1167 3831 elogio:
1195 3731 1338 3804 Horatii

111 3855 241 3946 Flacci,
260 3867 305 3932 ut
327 3860 413 3948 mei,
436 3869 516 3934 esto
539 3885 691 3934 memor.
744 3861 930 3957 Augustus
946 3857 1191 3954 Epistolorum
1208 3881 1339 3953 quoque

111 3983 309 4082 eiofficium
333 3987 470 4075 obtolit,
495 3999 535 4060 ot
568 3989 632 4061 hoo
657 3985 707 4060 od
730 3987 962 4060 Moeceootem
985 3984 1114 4080 scripto
1138 3981 1339 4079 siguificat:

111 4109 204 4185 Ante
225 4111 304 4209 ipse
327 4111 550 4187 sufficiebam
575 4111 772 4186 scn’bendis
801 4109 962 4210 epistolis
989 4107 1211 4183 amicorum:
1238 4129 1336 4180 nunc

111 4237 406 4335 occupatissimus
425 4247 464 4312 et
485 4237 652 4312 infirmus
671 4237 868 4312 Horatium
889 4243 1057 4310 nostrum
1082 4241 1120 4308 te
1142 4233 1250 4331 cupio
1275 4233 1338 4306 od-

110 4358 249 4436 ducere.
311 4363 445 4436 Veniet
472 4363 582 4462 igitur
609 4365 655 4438 ab
682 4363 753 4454 isti
782 4361 976 4462 parasitico
1005 4359 1134 4434 menso
1163 4357 1211 4431 od
1240 4356 1335 4430 hanc

110 4487 253 4585 regiam,
269 4498 307 4564 et
325 4515 393 4565 nos
410 4490 446 4564 in
464 4491 624 4590 epistolis
642 4489 842 4566 scribendis
860 4486 1055 4585 adjuvabit.
1109 4484 1165 4556 Ac
1182 4507 1223 4554 oe
1240 4505 1337 4553 recu-

917 4617 961 4684 13
