3138 4922
557 261 752 328 HORATll
775 263 894 328 VITA.
1299 259 1343 322 vii

111 447 239 544 ltaque
255 445 384 522 licebit
399 447 438 521 in
456 447 653 523 sextariolo
671 448 819 537 scribas,
832 473 948 548 quum
962 447 1135 524 circuitus
1148 446 1343 523 voluminis

110 573 162 646 tui
178 573 227 646 sit
243 573 502 672 ὀγκωδέσωτος,
520 573 615 648 sicut
632 584 690 648 est
706 574 897 650 ventriculi
919 575 983 649 tui.

162 697 263 770 Van
285 697 479 794 plurimum
504 698 541 770 in
564 723 697 772 secessu
720 699 815 772 mnis
831 699 886 772 sui
903 700 1040 788 Sabini,
1056 711 1118 774 aut
1141 697 1341 774 Tiburtini:

107 821 295 920 dornusque
312 823 385 918 ejus
402 823 596 896 ostenditur
612 824 706 896 circa
726 823 873 898 Tiburni
891 825 1052 899 luceolum.

22 1023 26 1056 ν
162 947 342 1021 Venerunt
358 947 394 1020 in
411 973 532 1021 mnus
550 973 643 1022 meos
661 962 696 1022 et
712 949 837 1048 Elegi,
858 949 920 1024 sub
943 951 1018 1048 ejus
1041 949 1157 1038 titulo,
1181 961 1216 1022 et
1232 949 1342 1046 Epis·

107 1071 179 1144 tola
201 1070 319 1168 prosci
345 1073 514 1160 motion,
540 1074 639 1169 quasi
664 1075 931 1150 oomnteudontis
956 1101 993 1150 se
1015 1073 1217 1150 Mceoenuti.
1270 1073 1345 1146 Sed

106 1209 255 1293 utraque
279 1196 387 1293 salsa
411 1209 502 1294 puto
516 1223 530 1270 .·
560 1223 641 1271 nam
667 1199 780 1298 Elegt'
807 1201 973 1300 vulgares
985 1227 1000 1284 ;
1031 1199 1200 1298 Epistola
1226 1209 1341 1270 autem

107 1322 281 1405 obsonum
306 1315 373 1418 quo
390 1321 474 1394 sitio
488 1322 626 1398 mininti
642 1325 833 1398 tenebatur.
885 1325 1006 1398 Notus
1022 1335 1074 1398 est
1094 1323 1159 1396 VI.
1178 1323 1236 1396 Id.
1251 1321 1340 1396 Deo.

106 1447 149 1520 L.
172 1443 286 1520 Cotto
308 1457 344 1518 et
363 1446 409 1518 L.
433 1447 612 1544 Torquato
633 1448 850 1522 Consulibus.
902 1447 1064 1523 Decessit
1088 1447 1128 1520 V.
1146 1446 1232 1520 Kal.
1251 1445 1340 1518 Dec.

109 1572 150 1646 C.
174 1571 325 1644 Marcio
358 1569 547 1644 Censorino
578 1585 613 1646 et
646 1573 687 1647 C.
716 1573 843 1648 Asinio
878 1573 986 1647 Gallo
1014 1571 1232 1655 Consulibus,
1257 1581 1341 1666 post

106 1722 231 1770 nostum
259 1708 297 1768 et
327 1696 646 1795 quinquagesimum
680 1722 835 1782 onnum;
862 1697 998 1770 herede
1027 1697 1192 1794 Augusto
1217 1691 1342 1791 palam

104 1833 318 1920 nuncupato,
353 1847 469 1919 quum,
504 1833 650 1920 urgente
679 1823 714 1896 oi
743 1821 963 1908 ooktudinis,
996 1847 1064 1896 non
1095 1819 1265 1917 sufficeret
1295 1819 1345 1890 acl

104 1947 344 2047 obsignandas
377 1947 573 2020 testamenti
604 1946 752 2020 tabulas.
818 1946 999 2020 Humotus
1033 1957 1067 2020 et
1102 1945 1258 2020 conditus
1291 1955 1342 2016 est

104 2074 272 2147 extremis
289 2071 478 2170 Esquiliis,
490 2074 603 2169 juata
619 2072 829 2147 Moecenutis
848 2071 1026 2146 tumulum.
