3138 4922
214 264 246 326 ri
664 267 860 334 HORATII
883 269 1000 334 VITA.

219 443 312 522 santi
342 449 478 545 qaidcm
505 461 567 523 ant
596 451 787 524 succensuit
817 453 1019 549 quicquam,
1042 463 1103 526 ant
1135 451 1325 524 amicitiam
1352 474 1455 524 snam

219 598 410 671 suggerere
442 575 586 648 destitit.
652 576 795 649 Extant
829 579 996 675 epistole,
1031 576 1051 651 i
1083 577 1218 675 quibas,
1252 574 1455 675 argnnncnti

208 687 209 692 ¹
217 697 355 796 gratini,
367 724 485 795 panca
500 699 637 796 subjeci.
692 701 805 774 Sume
822 701 888 776 tibi
906 701 1042 799 aliquid
1054 701 1147 799 juris
1164 701 1264 800 apud
1280 725 1352 788 me,
1370 709 1456 774 ten·

222 846 333 919 quam
360 824 390 896 si
413 823 603 898 convictor
627 823 717 898 mihi
739 825 860 899 fueris,
912 825 1029 900 Recte
1045 826 1143 900 enim
1161 835 1199 900 et
1215 850 1292 900 non
1311 825 1455 899 temere

220 945 361 1035 leceris,
379 948 553 1045 quoniam
570 947 608 1022 id
626 949 714 1022 usds
732 948 821 1022 mihi
842 956 967 1025 tecum
991 974 1071 1025 esse
1089 951 1200 1039 volui,
1225 951 1254 1025 si
1272 974 1338 1048 per
1354 949 1458 1026 vale·

220 1071 387 1146 tudinem
404 1081 508 1146 tunm
521 1071 599 1146 fieri
615 1081 750 1171 posset.
794 1073 849 1147 Et
865 1099 1010 1149 rnrsas:
1037 1075 1111 1148 Tui
1128 1075 1275 1172 qualem
1294 1075 1455 1148 habeam

221 1197 448 1284 memoriam,
463 1198 600 1295 poteris
618 1223 666 1272 ex
684 1199 862 1298 Septimio
879 1225 1027 1298 quoque
1044 1209 1173 1274 nostro
1191 1199 1338 1274 audire:
1364 1223 1456 1274 nam

220 1321 349 1395 incidit
362 1329 404 1394 ut
421 1345 550 1397 coram
562 1322 625 1397 illo
638 1323 744 1397 fieret
761 1325 784 1397 is
801 1347 859 1398 me
876 1325 931 1398 tui
949 1326 1099 1400 mentio.
1144 1325 1278 1422 Neque
1294 1325 1405 1410 enim,
1423 1323 1456 1396 si

223 1457 265 1519 tu
288 1447 466 1542 superbus
488 1447 685 1520 amicitiam
709 1455 872 1522 nostram
898 1451 1077 1546 sprevisti,
1100 1450 1183 1524 ideo
1206 1473 1275 1522 nos
1304 1472 1455 1545 quoque

222 1571 553 1666 ἆνθυπερφρονοῦμεν.
595 1573 778 1647 Proeterea
794 1598 886 1670 saepe
902 1601 990 1663 eam,
1008 1577 1100 1650 inter
1113 1576 1201 1649 alios
1207 1576 1322 1672 jocos,
1339 1573 1455 1671 putis-

223 1695 356 1770 simum
374 1719 508 1793 penem
526 1706 564 1770 et
580 1697 864 1772 homuncionem
882 1699 1145 1796 lepidissimum
1163 1699 1344 1796 appellat:
1367 1697 1458 1770 anci-

223 1846 288 1916 qne
315 1833 350 1894 et
378 1820 495 1894 olterd
524 1821 736 1896 liberalitate
765 1823 997 1920 locupletavit.
1050 1826 1193 1922 Scripta
1219 1824 1355 1922 quidem
1379 1823 1457 1919 ejas

222 1971 327 2042 nsque
356 1946 444 2019 adei
467 1947 644 2043 probavit,
667 1971 898 2044 mansnrcqac
920 1950 1092 2046 perpetui
1122 1949 1280 2035 credidit,
1315 1959 1355 2020 at
1385 1972 1456 2020 non

223 2069 324 2142 modi
337 2069 515 2142 Soecalare
531 2069 681 2143 Carmen
697 2071 965 2167 componendam
982 2073 1185 2169 injnnacrit‚
1197 2073 1305 2146 sedet
1325 2073 1361 2145 V
1359 2071 1458 2145 inde-

224 2195 327 2268 licam
345 2193 526 2268 victoriam
549 2195 681 2268 Tiberii
698 2197 890 2293 Drasiqne,
912 2197 1157 2295 privignorum
1173 2221 1313 2271 snornm
1324 2223 1338 2279 ;
1363 2220 1458 2269 cam

223 2345 288 2414 pac
301 2319 455 2418 coegerit
466 2331 615 2416 propter
628 2321 704 2408 ltoc,
722 2322 833 2394 tribas
845 2321 1036 2395 carminum
1057 2321 1154 2394 libris
1171 2347 1216 2394 cn
1229 2321 1334 2418 longo
1348 2320 1456 2392 inter·

223 2445 315 2515 calla
339 2455 500 2540 quartam
528 2443 667 2518 addere.
719 2445 807 2518 Post
834 2469 1005 2518 sermones
1033 2445 1114 2518 aemi
1144 2445 1249 2518 lectos
1276 2445 1456 2541 quosdam,

225 2567 356 2639 nnllam
375 2568 429 2640 sai
453 2569 656 2641 mentionem
672 2569 815 2666 sectam
833 2571 886 2642 ita
903 2571 950 2642 sit
970 2581 1127 2666 questas:
1152 2569 1293 2642 Iratum
1312 2593 1371 2643 me
1388 2569 1458 2641 tibi

228 2691 333 2778 scito,
345 2690 444 2786 quod
463 2715 538 2764 non
556 2693 593 2765 in
611 2691 794 2790 plerisque
812 2691 991 2789 ejusmodi
1009 2693 1152 2790 scriptis
1170 2717 1293 2766 meum
1312 2693 1458 2790 potissi·

225 2819 328 2889 mum
346 2815 516 2912 loquaris.
570 2819 628 2890 An
647 2817 781 2891 vereris
799 2842 846 2890 ne
863 2817 962 2915 apud
980 2827 1147 2916 posteros
1165 2817 1299 2890 infame
1313 2817 1378 2891 tibi
1395 2818 1457 2905 sit,

226 2941 326 3040 quod
344 2943 498 3016 videaris
522 2941 707 3016 familiaris
728 2944 832 3017 nobis
858 2947 966 3018 esse?
991 2943 1246 3040 Expressitqne
1265 2942 1458 3040 Eclogam,

226 3070 323 3164 rnjns
341 3069 478 3141 initiam
496 3079 572 3150 est;

447 3323 547 3390 Quum
563 3337 606 3384 tot
619 3327 761 3386 sustineas
775 3339 805 3386 et
819 3337 899 3386 tanta
912 3328 1030 3406 negotia
1041 3326 1130 3396 solus,

446 3430 506 3490 Res
521 3429 612 3490 Italas
626 3431 713 3490 armis
727 3431 840 3502 tuteris,
853 3432 982 3492 moribus
996 3452 1092 3502 ornes,

445 3536 575 3614 Legibus
590 3539 743 3596 emendes:
765 3538 794 3596 in
806 3537 923 3616 publica
937 3537 1088 3597 commode
1103 3555 1230 3614 peccem,

447 3643 479 3700 Si
494 3643 581 3720 longo
595 3663 728 3702 sermone
742 3663 838 3702 morer
854 3657 904 3702 tus
917 3655 1056 3722 ternpore,
1071 3639 1180 3700 Caesar.

224 3821 365 3894 Habita
388 3821 543 3918 corporis
566 3822 675 3896 trecis
691 3823 783 3920 snit,
806 3823 1068 3920 aequanimam
1098 3823 1212 3920 qualis
1235 3833 1269 3894 et
1294 3817 1459 3892 dsemct-

224 3947 298 4042 ipso
333 3947 370 4018 in
401 3948 541 4045 Satyris
573 3947 791 4036 describitur,
832 3960 866 4020 et
899 3948 943 4020 ab
972 3949 1137 4047 Angusta
1166 3947 1232 4020 luia
1264 3943 1457 4042 Epistolci:

226 4069 382 4144 Pertulit
410 4071 458 4144 ad
489 4095 548 4144 me
580 4071 778 4170 Dionysius
808 4071 972 4146 libellum
1003 4083 1122 4161 tuum,
1151 4097 1262 4170 quern
1292 4094 1360 4168 ego
1391 4071 1457 4165 (ne

224 4219 395 4271 accusem
425 4197 657 4293 brevitatem)
689 4197 1036 4295 quantuluscunque
1068 4205 1135 4286 est,
1171 4197 1258 4270 boni
1292 4194 1456 4268 consula.

225 4323 351 4397 Vereri
379 4331 503 4398 autem
527 4323 616 4398 mihi
634 4323 765 4398 videris
789 4349 836 4400 ne
860 4323 1018 4422 majores
1035 4323 1146 4397 libelli
1165 4323 1218 4396 tui
1242 4322 1326 4408 sint,
1344 4322 1457 4416 quam

223 4450 299 4546 ipse
326 4475 377 4537 ee,
406 4449 470 4524 sed
496 4449 525 4522 si
549 4449 614 4522 tibi
638 4457 778 4524 statura
805 4451 921 4539 deest,
951 4450 1211 4550 corpusculum
1238 4473 1313 4524 non
1340 4447 1456 4522 deest.
